% Encoding: UTF-8

@STRING{ai      = {Artificial Intelligence} }
@STRING{arso	= {Proc.~of the IEEE Workshop on Advanced Robotics and its Social Impacts (ARSO)} }
@STRING{amai	= {Annals of Mathematics and Artificial Intelligence} }
@STRING{ar      = {Autonomous Robots} }
@STRING{flairs 	= {Proc.~of the Int.~Conf.~of Florida Artificial Intelligence Research Society (FLAIRS)} }
@STRING{fsr		= {Field and Service Robotics} }
@STRING{icar    = {Proc.~of the Int.~Conf.~on Advanced Robotics (ICAR)} }
@STRING{icra    = {Proc.~of the IEEE Intl.~Conf.~on Robotics \& Automation (ICRA)} }
@STRING{iecon   = {Proc.~of the IEEE Anl.~Conf.~on Industrial Electronics Society (IECON)} }
@STRING{ifac    = {IFAC Proceedings Volumes} }
@STRING{ijars   = {Intl.~Journal of Advanced Robotic Systems} }
@STRING{ijnc	= {Int. Journal of Natural Computing} }
@STRING{iros    = {Proc.~of the IEEE/RSJ Intl.~Conf.~on Intelligent Robots and Systems (IROS)} }
@STRING{jcos    = {Computers \& Operations Research} }
@STRING{jd		= {Drones} }
@STRING{je		= {Energies} }
@STRING{jfr     = {Journal of Field Robotics (JFR)} }
@STRING{jirs    = {Journal of Intelligent and Robotic Systems (JIRS)} }
@STRING{jis		= {Information Sciences} }
@STRING{jise    = {Journal of Information Science \& Engineering} }
@STRING{jrs		= {Journal of Robotic systems} }
@STRING{js		= {Sensors} }

@STRING{mdpi	= {Multidisciplinary Digital Publishing Institute} }
@STRING{or		= {Operations Research} }
@STRING{orl		= {Operations Research Letters} }
@STRING{ras     = {Journal on Robotics and Autonomous Systems (RAS)} }
@STRING{tsmc	= {IEEE Trans. on Systems, Man, and Cybernetics} }
@STRING{wcica	= {Proc.~of the World Congress on Intelligent Control and Automation} }
@STRING{hri     = {Proc.~of the Int.~Conf.~on Human-Robot Interaction (HRI) } }

@misc{WinNT,
  title = {{MS Windows NT} Kernel Description},
  howpublished = {\url{http://web.archive.org/web/20080207010024/http://www.808multimedia.com/winnt/kernel.htm}},
  note = {Accessed: 2010-09-30}
}

@article{merkel2014docker,
  title={Docker: lightweight linux containers for consistent development and deployment},
  author={Merkel, Dirk},
  journal={Linux journal},
  volume={2014},
  number={239},
  pages={2},
  year={2014}
}

@Misc{broot,
  author       = {Denys SÃ©guret},
  howpublished = {\url{https://github.com/Canop/broot}},
  note         = {Accessed: 2022-03-02},
  title        = {broot},
}

@Misc{exa,
	author       = {Benjamin Sago},
	howpublished = {\url{https://the.exa.website/}},
	note         = {Accessed: 2022-03-02},
	title        = {Exa},
}

@Misc{ranger,
	howpublished = {\url{https://ranger.github.io/}},
	note         = {Accessed: 2022-03-02},
	title        = {ranger},
}

@Misc{cloc,
	author       = {AlDanial},
	howpublished = {\url{https://github.com/AlDanial/cloc}},
	note         = {Accessed: 2022-03-02},
	title        = {cloc},
}

@Misc{tokei,
	author       = {XAMPPRocky},
	howpublished = {\url{https://github.com/XAMPPRocky/tokei}},
	note         = {Accessed: 2022-03-02},
	title        = {tokei},
}
@Misc{fdfind,
	author       = {David Peter},
	howpublished = {\url{https://github.com/sharkdp/fd}},
	note         = {Accessed: 2022-03-02},
	title        = {fdfind},
}
@Misc{fzf,
	author       = {Junegunn Choi},
	howpublished = {\url{https://github.com/junegunn/fzf}},
	note         = {Accessed: 2022-03-02},
	title        = {command-line fuzzy finder},
}
@Misc{bat,
	author       = {David Peter},
	howpublished = {\url{https://github.com/sharkdp/bat}},
	note         = {Accessed: 2022-03-02},
	title        = {bat},
}
@Misc{sd,
	author       = {Gregory},
	howpublished = {\url{https://github.com/chmln/sd}},
	note         = {Accessed: 2022-03-02},
	title        = {sd},
}
@Misc{devSurvey2019,
	author       = {StackOverflow},
	howpublished = {\url{https://insights.stackoverflow.com/survey/2019}},
	note         = {Accessed: 2022-03-02},
	title        = {Developer Survey Results 2019},
}
@Misc{vscode_marketplace,
	howpublished = {\url{https://marketplace.visualstudio.com/}},
	note         = {Accessed: 2022-03-02},
	title        = {VSCode Marketplace},
}
@Misc{vim,
	author       = {Bram Moolenaar},
	howpublished = {\url{https://www.vim.org/}},
	note         = {Accessed: 2022-03-02},
	title        = {Vim the Editor},
}
@Misc{ament,
	howpublished = {\url{https://github.com/ament}},
	note         = {Accessed: 2022-03-02},
	title        = {ament},
}
@Misc{bosch,
	howpublished = {\url{https://www.bosch.com/}},
	note         = {Accessed: 2022-03-02},
	title        = {Robert Bosch GmbH},
}
@article{huang1986icra,
	author       = {Huang, Yuyu and Cao, Z. and Hall, E.},
	journal    = icra,
	title        = {Region filling operations for mobile robot using computer graphics},
	year         = {1986},
	publisher = {IEEE},
	pages        = {1607--1614},
	volume       = {3},
}
@Book{latombe1991,
	author    = {Latombe, Jean-Claude},
	publisher = {Kluwer Academic Publishers},
	title     = {Robot Motion Planning},
	year      = {1991},
	address   = {USA},
	isbn      = {0792391292},
}
@article{zelinsky1993icar,
	author    = {Zelinsky, Alexander and Jarvis, Ray A. and Byrne, J. C. and Yuta, Shinichi},
	journal = icar,
	title     = {Planning Paths Of Complete Coverage Of An Unstructured Environment By A Mobile Robot},
	year      = {1993},
	pages     = {533--538},
	volume    = {13},
}
@Article{choset2000ar,
	author  	= {Choset, Howie},
	journal 	= ar,
	title   	= {Coverage of Known Spaces: The Boustrophedon Cellular Decomposition},  year    = {2000},
	month   	= {9},
	number  	= {3},
	pages   	= {247 - 253},
	volume  	= {9},
	publisher	= {Springer},
}
@article{schofield1995,
	title={Cleaning robots, Service Robots Int},
	author={Schofield, M},
	journal={J},
	volume={1},
	number={3},
	pages={11--16},
	year={1995}
}
@article{gates2007,
	title={A robot in every home},
	author={{Bill Gates}},
	journal={Scientific American},
	volume={296},
	number={1},
	pages={58--65},
	year={2007},
	publisher={JSTOR}
}
@online{ifr,
	title 	= {World Robotics 2020 Report},
	author	= {{International Federation of Robotics}},
	url 	= {https://ifr.org/ifr-press-releases/news/record-2.7-million-robots-work-in-factories-around-the-globe},
	urldate	= {2021-10-08},
	year	= {2020},
}
@article{cakmak2013hri,
	author       = {Cakmak, Maya and Takayama, Leila},
	journal   	 = hri,
	title        = {Towards a comprehensive chore list for domestic robots},
	year         = {2013},
	organization = {IEEE},
	pages        = {93--94},
}
@Book{siciliano2016,
	author    = {Siciliano, Bruno and Khatib, Oussama},
	publisher = {Springer},
	title     = {Springer handbook of robotics},
	year      = {2016},
}
@incollection{prassler2016,
	title		= {Domestic robotics},
	author		= {Prassler, Erwin and Munich, Mario E and Pirjanian, Paolo and Kosuge, Kazuhiro},
	booktitle	= {Springer handbook of robotics},
	pages		= {1729--1758},
	year		= {2016},
	publisher	= {Springer}
}
@article{kim2019ijars,
	title		= {Control strategies for cleaning robots in domestic applications: A comprehensive review},
	author		= {Kim, Jaeseok and Mishra, Anand Kumar and Limosani, Raffaele and Scafuro, Marco and Cauli, Nino and Santos-Victor, Jose and Mazzolai, Barbara and Cavallo, Filippo},
	journal		= ijars,
	volume		= {16},
	number		= {4},
	pages		= {1729881419857432},
	year		= {2019},
	publisher	= {SAGE Publications Sage UK: London, England}	
}
@Article{vaussard2014ras,
	author    = {Vaussard, Florian and Fink, Julia and Bauwens, Valerie and R{\'e}tornaz, Philippe and Hamel, David and Dillenbourg, Pierre and Mondada, Francesco},
	journal   = ras,
	title     = {Lessons learned from robotic vacuum cleaners entering the home ecosystem},
	year      = {2014},
	number    = {3},
	pages     = {376--391},
	volume    = {62},
	publisher = {Elsevier},
}
@article{gabriely2002icra,
	author       = {Gabriely, Yoav and Rimon, Elon},
	journal    = icra,
	title        = {Spiral-STC: an on-line coverage algorithm of grid environments by a mobile robot},
	year         = {2002},
	publisher = {IEEE},
	pages        = {954-960},
	volume       = {1},
	doi          = {10.1109/ROBOT.2002.1013479},
}
@article{liu2008wcica,
	author    = {Liu, Yu and Lin, Xiaoyong and Zhu, Shiqiang},
	journal = wcica,
	title     = {Combined coverage path planning for autonomous cleaning robots in unstructured environments},
	year      = {2008},
	pages     = {8271-8276},
	doi       = {10.1109/WCICA.2008.4594223},
	publisher = {IEEE},
}
@article{gutmann2012arso,
	author       = {Gutmann, Jens-Steffen and Culp, Kristen and Munich, Mario E. and Pirjanian, Paolo},
	journal		 = arso,
	title        = {The social impact of a systematic floor cleaner},
	year         = {2012},
	organization = {IEEE},
	pages        = {50--53},
}
@article{royakkers2015ijsr,
	title		= {A literature review on new robotics: automation from love to war},
	author		= {Royakkers, Lamb{\`e}r and van Est, Rinie},
	journal		= {International Journal of Social Robotics},
	volume		= {7},
	number		= {5},
	pages		= {549--570},
	year		= {2015},
	publisher	= {Springer}
}
@Article{okada2006,
	title			= {Vision based behavior verification system of humanoid robot for daily environment tasks},
	author			= {Okada, Kei and Kojima, Mitsuharu and Sagawa, Yuichi and Ichino, Toshiyuki and Sato, Kenji and Inaba, Masayuki},
	journal			= {2006 6th IEEE-RAS International Conference on Humanoid Robots},
	pages			= {7--12},
	year			= {2006},
	organization	= {IEEE}
}
@online{ottoro,
	title 	= {Ottoro},
	author	= {{Hanool Robotics Corp.}},
	url 	= {https://hanool.en.ec21.com/Cleaning_Robot_Vacuum_Cleaner_Floor--2582659_2582660.html},
	urldate	= {2021-09-30},
	year	= {2021},
}
@online{neato,
	title 	= {Neato D8 Intelligent Robot Vacuum},
	author	= {{Neato Robotics}},
	url 	= {https://shop.neatorobotics.com/products/neato-d8},
	urldate	= {2021-10-01},
	year	= {2021},
}
@article{goel2013iros,
	author       = {Goel, Dhiraj and Case, James P. and Tamino, Daniele and Gutmann, Jens-Steffen and Munich, Mario E. and Dooley, Mike and Pirjanian, Paolo},
	journal    = iros,
	title        = {Systematic floor coverage of unknown environments using rectangular regions and localization certainty},
	year         = {2013},
	publisher = {IEEE},
	pages        = {1-8},
	doi          = {10.1109/IROS.2013.6696324},
}
@article{choset2000icra,
	author       = {Choset, Howie and Acar, Ercan and Rizzi, Alfred A. and Luntz, Jonathan},
	journal    = icra,
	title        = {Exact cellular decompositions in terms of critical points of Morse functions},
	year         = {2000},
	publisher = {IEEE},
	pages        = {2270-2277},
	volume       = {3},
	doi          = {10.1109/ROBOT.2000.846365},
}
@article{acar2001iros,
	author       = {Acar, Ercan U. and Choset, Howie and Atkar, Prasad N.},
	journal    = iros,
	title        = {Complete sensor-based coverage with extended-range detectors: a hierarchical decomposition in terms of critical points and Voronoi diagrams},
	year         = {2001},
	publisher = {IEEE},
	pages        = {1305--1311},
	volume       = {3},
	doi          = {10.1109/IROS.2001.977163},
}
@article{moravec1985icra,
	title			= {High resolution maps from wide angle sonar},
	author		= {Moravec, Hans and Elfes, Alberto},
	journal		= icra,
	volume		= {2},
	pages			= {116--121},
	year			= {1985},
	publisher	= {IEEE}
}
@article{zelinsky1991,
	title={Environment exploration and path planning algorithms for a mobile robot using sonar},
	author={Zelinsky, Alexander},
	journal={PhD Thesis, Wollongong University},
	year={1991}
}
@Article{yang2004tsmc,
	author	= {Yang, Simon X. and Luo, Chaomin},
	journal	= tsmc,
	title		= {A neural network approach to complete coverage path planning},
	year		= {2004},
	number	= {1},
	pages		= {718-724},
	volume	= {34},
	doi		= {10.1109/TSMCB.2003.811769},
	publisher	= {IEEE}  
}
@Article{hodgkin1952,
	author    = {Hodgkin, Alan L. and Huxley, Andrew F.},
	journal   = {The Journal of physiology},
	title     = {A quantitative description of membrane current and its application to conduction and excitation in nerve},
	year      = {1952},
	number    = {4},
	pages     = {500--544},
	volume    = {117},
	publisher = {Wiley Online Library},
}
@Article{grossberg1988,
	author    = {Grossberg, Stephen},
	journal   = {Neural networks},
	title     = {Nonlinear neural networks: Principles, mechanisms, and architectures},
	year      = {1988},
	number    = {1},
	pages     = {17--61},
	volume    = {1},
	publisher = {Elsevier},
}
@Book{butler2000,
	author    = {Butler, Zack J.},
	publisher = {Carnegie Mellon University},
	title     = {Distributed Coverage Of Rectilinear Environments},
	year      = {2000},
	month     = {10},
}
@article{arain2015icra,
	author       = {Arain, Muhammad Asif and Cirillo, Marcello and Bennetts, Victor Hernandez and Schaffernicht, Erik and Trincavelli, Marco and Lilienthal, Achim J.},
	journal    = icra,
	title        = {Efficient measurement planning for remote gas sensing with mobile robots},
	year         = {2015},
	publisher = {IEEE},
	pages        = {3428-3434},
	doi          = {10.1109/ICRA.2015.7139673},
}
@article{vandermeulen2019icra,
	author    = {Vandermeulen, Isaac and Gro{\ss}, Roderich and Kolling, Andreas},
	journal = icra,
	title     = {Turn-minimizing multirobot coverage},
	year      = {2019},
	pages     = {1014-1020},
	doi       = {10.1109/ICRA.2019.8794002},
	publisher = {IEEE}
}
@article{huang2001icra,
	author	= {Huang, Wesley H.},
	journal	= icra,
	title		= {Optimal line-sweep-based decompositions for coverage algorithms},
	year		= {2001},
	publisher = {IEEE},
	pages		= {27--32},
	volume	= {1},
}



@Comment{jabref-meta: databaseType:bibtex;}